@misc{asyatoms,
  author       = {Alejandro Gallo},
  title        = {An asymptote package for rendering atomic structures},
  year         = {2016},
  publisher    = {GitHub},
  journal      = {GitHub repository},
  howpublished = {\url{https://github.com/alejandrogallo/asy-atoms}},
}
